% Add references here in bibtex format.
% See https://www.overleaf.com/learn/latex/How_to_Write_a_Thesis_in_LaTeX_(Part_4):_Bibliographies_with_BibLaTeX
@online{poll2018,
    author        = {Thomson Reuters Foundation},
    title         = {The world’s most dangerous countries for women 2018},
    year          = {2018},
    url           = {https://poll2018.trust.org/country/?id=pakistan}
}

@article{domesticViolence,
    author        = {Zainab Shahid},
    title         = {Domestic Violence Against Women in Pakistan},
    year          = {2017},
    pages         = {1-7}
}

@article{genderBasedViolence,
    author        = {Abdul Hadi},
    title         = {Patriarchy and Gender-Based Violence in Pakistan},
    journaltitle  = {European Journal of Social Sciences Education and Research},
    year          = {2017},
    volume        = {4},
    number        = {4},
    pages         = {297-304},
    doi           = {10.26417/ejser.v10i2.p297-304}
}
 
@online{sexualViolence,
    author        = {Mudaser Kazi},
    title         = {93\% of Pakistani women experience sexual violence},
    year          = {2017},
    url           = {https://tribune.com.pk/story/1348833/93-pakistani-women-experience-sexual-violence/}
}

@article{hollander,
    author        = {Hollander, Jocelyn A.},
    title         = {I Can Take Care of Myself: : The Impact of Self-Defense Training on Women’s Lives},
    journaltitle  = {American Psychological Association},
    year          = {2004},
    volume        = {10},
    number        = {3},
    pages         = {205-235},
    doi           = {http://dx.doi.org/10.1177/1077801203256202}
}

@article{selfDefenseMovement,
    author        = {Patricia Searles and Ronald J. Berger},
    title         = {THE FEMINIST SELF-DEFENSE MOVEMENT:: A Case Study},
    journaltitle  = {Gender and Society},
    year          = {1987},
    volume        = {1},
    number        = {1},
    pages         = {61-84},
    doi           = {https://doi.org/10.1177/089124387001001004}
}

@online{HoloSuit1,
    author        = {Kaaya Tech},
    title         = {HoloSuit: XR Full Body Motion Tracker with Haptic Feedback},
    year          = {2019},
    url           = {https://www.kickstarter.com/projects/holosuit/holosuit-full-body-motion-tracker-with-haptic-feed?ref=346061\&token=324ba19d}
}

@online{HoloSuit2,
    title         = {Full-Body VR Haptic HoloSuit Shipping This November},
    year          = {2019},
    url           = {https://uploadvr.com/vr-haptic-holosuit-shipping/}
}

@online{gattaiGames,
    title         = {Kungfucious - VR Wuxia Kung Fu Simulator by Gattai Games},
    year          = {2019},
    url           = {https://gattai-games.itch.io/kungfucious?download}
}

@online{VRselfdef,
    title         = {VR Self-Defense | Devpost},
    year          = {2019},
    url           = {https://devpost.com/software/vr-self-defense}
}

@article{manpads,
    author        = {Faisal Rashid},
    title         = {Use of VR technology and passive haptics for
MANPADS training system},
    journaltitle  = {Calhoun: The NPS Institutional Archive},
    year          = {2017},
    volume        = {1},
    number        = {1},
    pages         = {19-28},
    doi           = {http://hdl.handle.net/10945/56170}
}

@online{neuroCuddl,
    title         = {Electrical Stimulation Based Haptics},
    year          = {2018},
    url           = {https://hackaday.io/project/106571-neurocuddl/log/151521-electrical-stimulation-based-haptics}
}

@article{affHaptics,
    author        = {A. Eid, Mohamad and Hussein Al Osman},
    title         = {Affective Haptics: Current Research And Future Directions},
    journaltitle  = {IEEE Journals \& Magazine},
    year          = {201},
    volume        = {1},
    number        = {1},
    doi           = {https://ieeexplore.ieee.org/abstract/document/7320966}
}

@article{toolkit,
    author        = {M. Pfeiffer, T. Duente, M. Rohs},
    title         = {Let Your Body Move: A Prototyping Toolkit for Wearable Force Feedback with Electrical Muscle Stimulation},
    journaltitle  = {Mobile HCI 2016},
    year          = {2016},
    volume        = {1},
    number        = {1}
}

@article{emsDesign,
    author        = {Max Pfeiffer, Florian Alt},
    title         = {A Design Space For Electrical Muscle Stimulation Feedback For Free-Hand Interaction},
    journaltitle  = {AA 2014},
    year          = {2019},
    volume        = {1},
    number        = {1},
    doi           = {https://hci.uni-hannover.de/papers/pfeiffer2014AAWS.pdf}
}

@article{muscleForceFeedback,
    author        = { Lopes, Pedro, and Patrick Baudisch},
    title         = {Muscle-Propelled Force Feedback: Bringing Force Feedback To Mobile Devices},
    journaltitle  = {Plattner Institute, Potsdam, Germany},
    year          = {2019},
    volume        = {1},
    number        = {1},
    doi           = {http://plopes.org/wp-content/uploads/papers/2013-CHI-MusclePropelledForceFeedback-Lopes_small.pdf}
}

@article{wholebodyPoseEst,
    author        = {Gines Hidalgo Martinez},
    title         = {Openpose: Whole-Body Pose Estimation},
    journaltitle  = {Carnegie Mellon University, Pittsburg},
    year          = {2019},
    volume        = {1},
    number        = {1},
    doi           = {https://www.ri.cmu.edu/wp-content/uploads/2019/05/MS_Thesis___Gines_Hidalgo___latest_compressed.pdf}
}

@article{movementQuality,
    title={Analysis of Movement Quality in Full-Body Physical Activities},
    volume={9},
    DOI={10.1145/3132369},
    number={1},
    journal={ACM Transactions on Interactive Intelligent Systems},
    author={Niewiadomski, Radoslaw and Kolykhalova, Ksenia and Piana, Stefano and Alborno, Paolo and Volpe, Gualtiero and Camurri, Antonio},
    year={2019},
    month={Feb},
    pages={1–20}
    
}


@article{NovelGlo,
    title={Novel digital glove design for virtual reality applications},
    volume={24},
    DOI={10.1007/s00542-018-3747-z},
    number={10},
    journal={Microsystem Technologies},
    author={Kao, Chien-Hao and Chen, Chia-Chun and Jhu, Wei-Yi and Tsai, Yu-Tza and Chen, Shinn-Horng and Hsu, Chao-Ming and Chen, Cheng-Yi},
    year={2018},
    pages={4247–4266}
}
 
@article{Dexmo,
    title={Dexmo: An Inexpensive and Lightweight Mechanical Exoskeleton for Motion Capture and Force Feedback in VR},
    DOI={10.1145/2858036.2858487},
    journal={Proceedings of the 2016 CHI Conference on Human Factors in Computing Systems},
    author={Gu, Xiaochi and Zhang, Yifei and Sun, Weize and Bian, Yuanzhe and Zhou, Dao and Kristensson, Per Ola},
    year={2016}
}

@article{EMSLopes,
    title={Providing Haptics to Walls \&amp; Heavy Objects in Virtual Reality by Means of Electrical Muscle Stimulation},
    DOI={10.1145/3025453.3025600},
    journal={Proceedings of the 2017 CHI Conference on Human Factors in Computing Systems},
    author={Lopes, Pedro and You, Sijing and Cheng, Lung-Pan and Marwecki, Sebastian and Baudisch, Patrick},
    year={2017}
}

@article{gymnastic,
    title={Automatic recognition and scoring of olympic rhythmic gymnastic movements},
    volume={34},
    DOI={10.1016/j.humov.2014.01.001},
    journal={Human Movement Science},
    author={Díaz-Pereira, M. Pino and Gómez-Conde, Iván and Escalona, Merly and Olivieri, David N.},
    year={2014},
    month={Feb},
    pages={63–80}
}

@article{Karate,
    title={Karate moves recognition from skeletal motion},
    DOI={10.1117/12.2006229},
    journal={Three-Dimensional Image Processing (3DIP) and Applications 2013},
    author={Bianco, Simone and Tisato, Francesco},
    year={2013}
}

@article{Idris,
    title={A theoretical framework of extrinsic feedback based-automated evaluation system for martial arts},
    volume={7},
    DOI={10.14419/ijet.v7i2.14.11160},
    number={2.14},
    journal={International Journal of Engineering \&amp; Technology},
    author={Idris, Wan Mohd Rizhan Wan and Rafi, Ahmad and Bidin, Azman and Jamal, Azrul Amri},
    year={2018},
    pages={74}
}

@misc{pos,
    title={How to Use EMS Devices Effectively: Tone-A-Matic Electronic Muscle Stimulators in Canada},
    url={https://www.toneamatic.com/pages/pad-placement},
    journal={Electrode Placement for Electric Stimulation Charts},
    publisher={Tone-A-Matic},
    author={Matic, Tone -a-},
    year={2018},
    month={Jun}
}

       
@article{karatePunch,
    author        = {P. Girodet and et al},
    title         = {Two-dimensional kinematic and dynamic analysis of a karate straight punch},
    journaltitle  = {Computer methods in biomechanics and biomedical engineering},
    year          = {2005},
    pages         = {117-118},
    doi           = {10.1080/10255840512331388533}
}

@article{bio_eff,
    author        = {Radoslaw niewiadomski and et al},
    title         = {Analysis of Movement Quality in Full-Body Physical Activities},
    journaltitle  = {ACM Transactions on Interactive Intelligent Systems},
    year          = {2019}, 
    volume        = {9},
    number        = {1},
    doi           = {https://doi.org/10.1145/3132369}
}

@article{confMatch,
    author        = {Guoqiang Liang and et al},
    title         = {Cross-View Person Identification by Matching Human Poses Estimated with Confidence on Each Body Joint },
    journaltitle  = {The Thirty-Second AAAI Conference on Artificial Intelligence },
    year          = {2018}
}

@unknown{poseCorrect,
author = {Chen, Steven and Yang, Richard},
year = {2018},
month = {03},
pages = {},
title = {Pose Trainer: Correcting Exercise Posture using Pose Estimation}
}